@article{Woo_2017,
	author = {Woo, Choong-Wan and Chang, Luke J and Lindquist, Martin A and Wager, Tor D},
	journal = {Nature Neuroscience},
	doi = {10.1038/nn.4478},
	issn = {1546-1726},
	number = {3},
	year = {2017},
	month = {2},
	pages = {365--377},
	publisher = {Springer Science},
	title = {Building better biomarkers: brain models in translational neuroimaging},
	url = {http://dx.doi.org/10.1038/nn.4478},
	volume = {20},
}


@article{Spisak_2023,
	author = {Spisak, Tamas and Bingel, Ulrike and Wager, Tor D.},
	journal = {Nature},
	doi = {10.1038/s41586-023-05745-x},
	issn = {1476-4687},
	number = {7951},
	year = {2023},
	month = {3},
	pages = {E4--E7},
	publisher = {Springer Science},
	title = {Multivariate {BWAS} can be replicable with moderate sample sizes},
	url = {http://dx.doi.org/10.1038/s41586-023-05745-x},
	volume = {615},
}


@article{Hosseini_2020,
	author = {Hosseini, Mahan and Powell, Michael and Collins, John and Callahan-Flintoft, Chloe and Jones, William and Bowman, Howard and Wyble, Brad},
	journal = {Neuroscience &amp; Biobehavioral Reviews},
	doi = {10.1016/j.neubiorev.2020.09.036},
	issn = {0149-7634},
	year = {2020},
	month = {12},
	pages = {456--467},
	publisher = {Elsevier BV},
	title = {I tried a bunch of things: The dangers of unexpected overfitting in classification of brain data},
	url = {http://dx.doi.org/10.1016/j.neubiorev.2020.09.036},
	volume = {119},
}


@book{Efron_1994,
	author = {Efron, Bradley and Tibshirani, R.J.},
	doi = {10.1201/9780429246593},
	isbn = {9780429246593},
	year = {1994},
	month = {5},
	publisher = {Chapman},
	title = {An {Introduction} to the {Bootstrap}},
	url = {http://dx.doi.org/10.1201/9780429246593},
}


@article{Poldrack_2020,
	author = {Poldrack, Russell A. and Huckins, Grace and Varoquaux, Gael},
	journal = {JAMA Psychiatry},
	doi = {10.1001/jamapsychiatry.2019.3671},
	issn = {2168-622X},
	number = {5},
	year = {2020},
	month = {5},
	pages = {534},
	publisher = {American Medical Association (AMA)},
	title = {Establishment of {Best} {Practices} for {Evidence} for {Prediction}: A {Review}},
	url = {http://dx.doi.org/10.1001/jamapsychiatry.2019.3671},
	volume = {77},
}


@article{Efron_1983,
	author = {Efron, Bradley},
	journal = {Journal of the American Statistical Association},
	doi = {10.1080/01621459.1983.10477973},
	issn = {1537-274X},
	number = {382},
	year = {1983},
	month = {6},
	pages = {316--331},
	publisher = {Informa UK Limited},
	title = {Estimating the {Error} {Rate} of a {Prediction} {Rule}: Improvement on {Cross}-{Validation}},
	url = {http://dx.doi.org/10.1080/01621459.1983.10477973},
	volume = {78},
}


@article{Sui_2020,
	author = {Sui, Jing and Jiang, Rongtao and Bustillo, Juan and Calhoun, Vince},
	journal = {Biological Psychiatry},
	doi = {10.1016/j.biopsych.2020.02.016},
	issn = {0006-3223},
	number = {11},
	year = {2020},
	month = {12},
	pages = {818--828},
	publisher = {Elsevier BV},
	title = {Neuroimaging-based {Individualized} {Prediction} of {Cognition} and {Behavior} for {Mental} {Disorders} and {Health}: Methods and {Promises}},
	url = {http://dx.doi.org/10.1016/j.biopsych.2020.02.016},
	volume = {88},
}


@article{Varoquaux_2022,
	author = {Varoquaux, Ga{\" e}l and Cheplygina, Veronika},
	journal = {npj Digital Medicine},
	doi = {10.1038/s41746-022-00592-y},
	issn = {2398-6352},
	number = {1},
	year = {2022},
	month = {4},
	publisher = {Springer Science},
	title = {Machine learning for medical imaging: methodological failures and recommendations for the future},
	url = {http://dx.doi.org/10.1038/s41746-022-00592-y},
	volume = {5},
}


@article{Kapoor_2023,
	author = {Kapoor, Sayash and Narayanan, Arvind},
	journal = {Patterns},
	doi = {10.1016/j.patter.2023.100804},
	issn = {2666-3899},
	number = {9},
	year = {2023},
	month = {9},
	pages = {100804},
	publisher = {Elsevier BV},
	title = {Leakage and the reproducibility crisis in machine-learning-based science},
	url = {http://dx.doi.org/10.1016/j.patter.2023.100804},
	volume = {4},
}


@article{Prosperi_2020,
	author = {Prosperi, Mattia and Guo, Yi and Sperrin, Matt and Koopman, James S. and Min, Jae S. and He, Xing and Rich, Shannan and Wang, Mo and Buchan, Iain E. and Bian, Jiang},
	journal = {Nature Machine Intelligence},
	doi = {10.1038/s42256-020-0197-y},
	issn = {2522-5839},
	number = {7},
	year = {2020},
	month = {7},
	pages = {369--375},
	publisher = {Springer Science},
	title = {Causal inference and counterfactual prediction in machine learning for actionable healthcare},
	url = {http://dx.doi.org/10.1038/s42256-020-0197-y},
	volume = {2},
}


@article{Spisak_2022,
	author = {Spisak, Tamas},
	journal = {GigaScience},
	doi = {10.1093/gigascience/giac082},
	issn = {2047-217X},
	year = {2022},
	publisher = {Oxford University Press (OUP)},
	title = {Statistical quantification of confounding bias in machine learning models},
	url = {http://dx.doi.org/10.1093/gigascience/giac082},
	volume = {11},
}


@article{Collins_2014,
	author = {Collins, Gary S and de Groot, Joris A and Dutton, Susan and Omar, Omar and Shanyinde, Milensu and Tajar, Abdelouahid and Voysey, Merryn and Wharton, Rose and Yu, Ly-Mee and Moons, Karel G and Altman, Douglas G},
	journal = {BMC Medical Research Methodology},
	doi = {10.1186/1471-2288-14-40},
	issn = {1471-2288},
	number = {1},
	year = {2014},
	month = {3},
	publisher = {Springer Science},
	title = {External validation of multivariable prediction models: a systematic review of methodological conduct and reporting},
	url = {http://dx.doi.org/10.1186/1471-2288-14-40},
	volume = {14},
}


@article{Ho_2020,
	author = {Ho, Sung Yang and Phua, Kimberly and Wong, Limsoon and Bin Goh, Wilson Wen},
	journal = {Patterns},
	doi = {10.1016/j.patter.2020.100129},
	issn = {2666-3899},
	number = {8},
	year = {2020},
	month = {11},
	pages = {100129},
	publisher = {Elsevier BV},
	title = {Extensions of the {External} {Validation} for {Checking} {Learned} {Model} {Interpretability} and {Generalizability}},
	url = {http://dx.doi.org/10.1016/j.patter.2020.100129},
	volume = {1},
}


@article{Yu_2022,
	author = {Yu, Alice C. and Mohajer, Bahram and Eng, John},
	journal = {Radiology: Artificial Intelligence},
	doi = {10.1148/ryai.210064},
	issn = {2638-6100},
	number = {3},
	year = {2022},
	month = {5},
	publisher = {Radiological Society of North America (RSNA)},
	title = {External {Validation} of {Deep} {Learning} {Algorithms} for {Radiologic} {Diagnosis}: A {Systematic} {Review}},
	url = {http://dx.doi.org/10.1148/ryai.210064},
	volume = {4},
}


@article{Riley_2021,
	author = {Riley, Richard D. and Debray, Thomas P. A. and Collins, Gary S. and Archer, Lucinda and Ensor, Joie and van Smeden, Maarten and Snell, Kym I. E.},
	journal = {Statistics in Medicine},
	doi = {10.1002/sim.9025},
	issn = {1097-0258},
	number = {19},
	year = {2021},
	month = {5},
	pages = {4230--4251},
	publisher = {Wiley},
	title = {Minimum sample size for external validation of a clinical prediction model with a binary outcome},
	url = {http://dx.doi.org/10.1002/sim.9025},
	volume = {40},
}


@article{Marek_2022,
	author = {Marek, Scott and Tervo-Clemmens, Brenden and Calabro, Finnegan J. and Montez, David F. and Kay, Benjamin P. and Hatoum, Alexander S. and Donohue, Meghan Rose and Foran, William and Miller, Ryland L. and Hendrickson, Timothy J. and Malone, Stephen M. and Kandala, Sridhar and Feczko, Eric and Miranda-Dominguez, Oscar and Graham, Alice M. and Earl, Eric A. and Perrone, Anders J. and Cordova, Michaela and Doyle, Olivia and Moore, Lucille A. and Conan, Gregory M. and Uriarte, Johnny and Snider, Kathy and Lynch, Benjamin J. and Wilgenbusch, James C. and Pengo, Thomas and Tam, Angela and Chen, Jianzhong and Newbold, Dillan J. and Zheng, Annie and Seider, Nicole A. and Van, Andrew N. and Metoki, Athanasia and Chauvin, Roselyne J. and Laumann, Timothy O. and Greene, Deanna J. and Petersen, Steven E. and Garavan, Hugh and Thompson, Wesley K. and Nichols, Thomas E. and Yeo, B. T. Thomas and Barch, Deanna M. and Luna, Beatriz and Fair, Damien A. and Dosenbach, Nico U. F.},
	journal = {Nature},
	doi = {10.1038/s41586-022-04492-9},
	issn = {1476-4687},
	number = {7902},
	year = {2022},
	month = {3},
	pages = {654--660},
	publisher = {Springer Science},
	title = {Reproducible brain-wide association studies require thousands of individuals},
	url = {http://dx.doi.org/10.1038/s41586-022-04492-9},
	volume = {603},
}


@article{Rosenberg_2022,
	author = {Rosenberg, Monica D. and Finn, Emily S.},
	journal = {Nature Neuroscience},
	doi = {10.1038/s41593-022-01110-9},
	issn = {1546-1726},
	number = {7},
	year = {2022},
	month = {6},
	pages = {835--837},
	publisher = {Springer Science},
	title = {How to establish robust brain--behavior relationships without thousands of individuals},
	url = {http://dx.doi.org/10.1038/s41593-022-01110-9},
	volume = {25},
}


@article{Thirion_2023,
	author = {Thirion, Bertrand},
	journal = {Aperture Neuro},
	doi = {10.52294/51f2e656-d4da-457e-851e-139131a68f14},
	year = {2023},
	month = {3},
	publisher = {Organization for Human Brain Mapping},
	title = {On the statistics of brain/behavior associations},
	url = {http://dx.doi.org/10.52294/51f2e656-d4da-457e-851e-139131a68f14},
}


@article{Makowski_2023,
	author = {Makowski, Carolina and Brown, Timothy T. and Zhao, Weiqi and Hagler, Donald J. and Parekh, Pravesh and Garavan, Hugh and Nichols, Thomas E. and Jernigan, Terry L. and Dale, Anders M.},
	doi = {10.1101/2023.06.16.545340},
	year = {2023},
	month = {6},
	publisher = {Cold Spring Harbor Laboratory},
	title = {Leveraging the {Adolescent} {Brain} {Cognitive} {Development} {Study} to improve behavioral prediction from neuroimaging in smaller replication samples},
	url = {http://dx.doi.org/10.1101/2023.06.16.545340},
}


@article{Yang_2022,
	author = {Yang, Cynthia and Kors, Jan A and Ioannou, Solomon and John, Luis H and Markus, Aniek F and Rekkas, Alexandros and de Ridder, Maria A J and Seinen, Tom M and Williams, Ross D and Rijnbeek, Peter R},
	journal = {Journal of the American Medical Informatics Association},
	doi = {10.1093/jamia/ocac002},
	issn = {1527-974X},
	number = {5},
	year = {2022},
	month = {1},
	pages = {983--989},
	publisher = {Oxford University Press (OUP)},
	title = {Trends in the conduct and reporting of clinical prediction model development and validation: a systematic review},
	url = {http://dx.doi.org/10.1093/jamia/ocac002},
	volume = {29},
}


@article{Lee_2021,
	author = {Lee, Jae-Joong and Kim, Hong Ji and {\v C}eko, Marta and Park, Bo-yong and Lee, Soo Ahn and Park, Hyunjin and Roy, Mathieu and Kim, Seong-Gi and Wager, Tor D. and Woo, Choong-Wan},
	journal = {Nature Medicine},
	doi = {10.1038/s41591-020-1142-7},
	issn = {1546-170X},
	number = {1},
	year = {2021},
	month = {1},
	pages = {174--182},
	publisher = {Springer Science},
	title = {A neuroimaging biomarker for sustained experimental and clinical pain},
	url = {http://dx.doi.org/10.1038/s41591-020-1142-7},
	volume = {27},
}


@article{Kincses_2023,
	author = {Kincses, Balint and Forkmann, Katarina and Schlitt, Frederik and Pawlik, Robert and Schmidt, Katharina and Timmann, Dagmar and Elsenbruch, Sigrid and Wiech, Katja and Bingel, Ulrike and Spisak, Tamas},
	doi = {10.31219/osf.io/utkbv},
	year = {2023},
	month = {10},
	publisher = {Center for Open Science},
	title = {RCPL preprint: An externally validated resting-state brain connectivity signature of pain-related learning},
	url = {http://dx.doi.org/10.31219/osf.io/utkbv},
}


@article{Spisak_2020,
	author = {Spisak, Tamas and Kincses, Balint and Schlitt, Frederik and Zunhammer, Matthias and Schmidt-Wilcke, Tobias and Kincses, Zsigmond T. and Bingel, Ulrike},
	journal = {Nature Communications},
	doi = {10.1038/s41467-019-13785-z},
	issn = {2041-1723},
	number = {1},
	year = {2020},
	month = {1},
	publisher = {Springer Science},
	title = {Pain-free resting-state functional brain connectivity predicts individual pain sensitivity},
	url = {http://dx.doi.org/10.1038/s41467-019-13785-z},
	volume = {11},
}


@article{Lipovetsky_2009,
	author = {Lipovetsky, Stan},
	journal = {International Journal of Mathematical Education in Science and Technology},
	doi = {10.1080/00207390802213609},
	issn = {1464-5211},
	number = {2},
	year = {2009},
	month = {3},
	pages = {271--277},
	publisher = {Informa UK Limited},
	title = {Pareto 80/20 law: derivation via random partitioning},
	url = {http://dx.doi.org/10.1080/00207390802213609},
	volume = {40},
}


@inbook{Raykar_2015,
	author = {Raykar, Vikas C. and Saha, Amrita},
	booktitle = {Lecture {Notes} in {Computer} {Science}},
	doi = {10.1007/978-3-319-23528-8_1},
	isbn = {9783319235288},
	issn = {1611-3349},
	year = {2015},
	pages = {3--19},
	publisher = {Springer International Publishing},
	title = {Data {Split} {Strategiesfor} {Evolving} {Predictive} {Models}},
	url = {http://dx.doi.org/10.1007/978-3-319-23528-8_1},
}


@article{Steyerberg_2016,
	author = {Steyerberg, Ewout W. and Harrell, Frank E.},
	journal = {Journal of Clinical Epidemiology},
	doi = {10.1016/j.jclinepi.2015.04.005},
	issn = {0895-4356},
	year = {2016},
	month = {1},
	pages = {245--247},
	publisher = {Elsevier BV},
	title = {Prediction models need appropriate internal, internal--external, and external validation},
	url = {http://dx.doi.org/10.1016/j.jclinepi.2015.04.005},
	volume = {69},
}


@article{Nosek_2019,
	author = {Nosek, Brian A. and Beck, Emorie D. and Campbell, Lorne and Flake, Jessica K. and Hardwicke, Tom E. and Mellor, David T. and van \textquoteright{}t Veer, Anna E. and Vazire, Simine},
	journal = {Trends in Cognitive Sciences},
	doi = {10.1016/j.tics.2019.07.009},
	issn = {1364-6613},
	number = {10},
	year = {2019},
	month = {10},
	pages = {815--818},
	publisher = {Elsevier BV},
	title = {Preregistration {Is} {Hard}, {And} {Worthwhile}},
	url = {http://dx.doi.org/10.1016/j.tics.2019.07.009},
	volume = {23},
}


@article{Varoquaux_2018,
	author = {Varoquaux, Ga{\" e}l},
	journal = {NeuroImage},
	doi = {10.1016/j.neuroimage.2017.06.061},
	issn = {1053-8119},
	year = {2018},
	month = {10},
	pages = {68--77},
	publisher = {Elsevier BV},
	title = {Cross-validation failure: Small sample sizes lead to large error bars},
	url = {http://dx.doi.org/10.1016/j.neuroimage.2017.06.061},
	volume = {180},
}


@article{Pedregosa2012Scikit,
	author = {Pedregosa, Fabian and Varoquaux, Ga{\" e}l and Gramfort, Alexandre and Michel, Vincent and Thirion, Bertrand and Grisel, Olivier and Blondel, Mathieu and M{\" u}ller, Andreas and Nothman, Joel and Louppe, Gilles and Prettenhofer, Peter and Weiss, Ron and Dubourg, Vincent and Vanderplas, Jake and Passos, Alexandre and Cournapeau, David and Brucher, Matthieu and Perrot, Matthieu and Duchesnay, {\' E}douard},
	doi = {10.48550/ARXIV.1201.0490},
	year = {2012},
	publisher = {arXiv},
	title = {Scikit-learn: Machine {Learning} in {Python}},
	url = {https://arxiv.org/abs/1201.0490},
}


@article{Di_Martino_2013,
	author = {Di Martino, A and Yan, C-G and Li, Q and Denio, E and Castellanos, F X and Alaerts, K and Anderson, J S and Assaf, M and Bookheimer, S Y and Dapretto, M and Deen, B and Delmonte, S and Dinstein, I and Ertl-Wagner, B and Fair, D A and Gallagher, L and Kennedy, D P and Keown, C L and Keysers, C and Lainhart, J E and Lord, C and Luna, B and Menon, V and Minshew, N J and Monk, C S and Mueller, S and M{\" u}ller, R-A and Nebel, M B and Nigg, J T and O\textquoteright{}Hearn, K and Pelphrey, K A and Peltier, S J and Rudie, J D and Sunaert, S and Thioux, M and Tyszka, J M and Uddin, L Q and Verhoeven, J S and Wenderoth, N and Wiggins, J L and Mostofsky, S H and Milham, M P},
	journal = {Molecular Psychiatry},
	doi = {10.1038/mp.2013.78},
	issn = {1476-5578},
	number = {6},
	year = {2013},
	month = {6},
	pages = {659--667},
	publisher = {Springer Science},
	title = {The autism brain imaging data exchange: towards a large-scale evaluation of the intrinsic brain architecture in autism},
	url = {http://dx.doi.org/10.1038/mp.2013.78},
	volume = {19},
}


@article{Van_Essen_2013,
	author = {Van Essen, David C. and Smith, Stephen M. and Barch, Deanna M. and Behrens, Timothy E.J. and Yacoub, Essa and Ugurbil, Kamil},
	journal = {NeuroImage},
	doi = {10.1016/j.neuroimage.2013.05.041},
	issn = {1053-8119},
	year = {2013},
	month = {10},
	pages = {62--79},
	publisher = {Elsevier BV},
	title = {The {WU}-{Minn} {Human} {Connectome} {Project}: An overview},
	url = {http://dx.doi.org/10.1016/j.neuroimage.2013.05.041},
	volume = {80},
}


@inproceedings{Street_1993,
	author = {Street, W. N. and Wolberg, W. H. and Mangasarian, O. L.},
	booktitle = {Biomedical {Image} {Processing} and {Biomedical} {Visualization}},
	doi = {10.1117/12.148698},
	editor = {Acharya, Raj S. and Goldgof, Dmitry B.},
	issn = {0277-786X},
	year = {1993},
	month = {7},
	organization = {SPIE},
	title = {&lt;title&gt;{Nuclear} feature extraction for breast tumor diagnosis&lt;/title&gt;},
	url = {http://dx.doi.org/10.1117/12.148698},
}


@article{Dadi_2019,
	author = {Dadi, Kamalaker and Rahim, Mehdi and Abraham, Alexandre and Chyzhyk, Darya and Milham, Michael and Thirion, Bertrand and Varoquaux, Ga{\" e}l},
	journal = {NeuroImage},
	doi = {10.1016/j.neuroimage.2019.02.062},
	issn = {1053-8119},
	year = {2019},
	month = {5},
	pages = {115--134},
	publisher = {Elsevier BV},
	title = {Benchmarking functional connectome-based predictive models for resting-state {fMRI}},
	url = {http://dx.doi.org/10.1016/j.neuroimage.2019.02.062},
	volume = {192},
}


@article{Cameron_2013,
	author = {Cameron, Craddock and Yassine, Benhajali and Carlton, Chu and Francois, Chouinard and Alan, Evans and Andr{\' a}s, Jakab and Budhachandra, Khundrakpam and John, Lewis and Qingyang, Li and Michael, Milham and Chaogan, Yan and Pierre, Bellec},
	journal = {Frontiers in Neuroinformatics},
	doi = {10.3389/conf.fninf.2013.09.00041},
	issn = {1662-5196},
	year = {2013},
	publisher = {Frontiers Media SA},
	title = {The {Neuro} {Bureau} {Preprocessing} {Initiative}: open sharing of preprocessed neuroimaging data and derivatives},
	url = {http://dx.doi.org/10.3389/conf.fninf.2013.09.00041},
	volume = {7},
}


@article{Bellec_2010,
	author = {Bellec, Pierre and Rosa-Neto, Pedro and Lyttelton, Oliver C. and Benali, Habib and Evans, Alan C.},
	journal = {NeuroImage},
	doi = {10.1016/j.neuroimage.2010.02.082},
	issn = {1053-8119},
	number = {3},
	year = {2010},
	month = {7},
	pages = {1126--1139},
	publisher = {Elsevier BV},
	title = {Multi-level bootstrap analysis of stable clusters in resting-state {fMRI}},
	url = {http://dx.doi.org/10.1016/j.neuroimage.2010.02.082},
	volume = {51},
}


@article{Glasser_2013,
	author = {Glasser, Matthew F. and Sotiropoulos, Stamatios N. and Wilson, J. Anthony and Coalson, Timothy S. and Fischl, Bruce and Andersson, Jesper L. and Xu, Junqian and Jbabdi, Saad and Webster, Matthew and Polimeni, Jonathan R. and Van Essen, David C. and Jenkinson, Mark},
	journal = {NeuroImage},
	doi = {10.1016/j.neuroimage.2013.04.127},
	issn = {1053-8119},
	year = {2013},
	month = {10},
	pages = {105--124},
	publisher = {Elsevier BV},
	title = {The minimal preprocessing pipelines for the {Human} {Connectome} {Project}},
	url = {http://dx.doi.org/10.1016/j.neuroimage.2013.04.127},
	volume = {80},
}


@article{Duncan_2000,
	author = {Duncan, John and Seitz, R{\" u}diger J. and Kolodny, Jonathan and Bor, Daniel and Herzog, Hans and Ahmed, Ayesha and Newell, Fiona N. and Emslie, Hazel},
	journal = {Science},
	doi = {10.1126/science.289.5478.457},
	issn = {1095-9203},
	number = {5478},
	year = {2000},
	month = {7},
	pages = {457--460},
	publisher = {American Association for the Advancement of Science (AAAS)},
	title = {A {Neural} {Basis} for {General} {Intelligence}},
	url = {http://dx.doi.org/10.1126/science.289.5478.457},
	volume = {289},
}


@article{Fischl_2012,
	author = {Fischl, Bruce},
	journal = {NeuroImage},
	doi = {10.1016/j.neuroimage.2012.01.021},
	issn = {1053-8119},
	number = {2},
	year = {2012},
	month = {8},
	pages = {774--781},
	publisher = {Elsevier BV},
	title = {FreeSurfer},
	url = {http://dx.doi.org/10.1016/j.neuroimage.2012.01.021},
	volume = {62},
}


@article{Archer_2020,
	author = {Archer, Lucinda and Snell, Kym I. E. and Ensor, Joie and Hudda, Mohammed T. and Collins, Gary S. and Riley, Richard D.},
	journal = {Statistics in Medicine},
	doi = {10.1002/sim.8766},
	issn = {1097-0258},
	number = {1},
	year = {2020},
	month = {11},
	pages = {133--146},
	publisher = {Wiley},
	title = {Minimum sample size for external validation of a clinical prediction model with a continuous outcome},
	url = {http://dx.doi.org/10.1002/sim.8766},
	volume = {40},
}

